@inproceedings{nerd1,
 author = {Giuseppe Rizzo and Rapha\"{e}l Troncy},
 title = {NERD: A Framework for Unifying Named Entity Recognition and Disambiguation Extraction Tools},
 booktitle = {13$^{th}$ Conference of the European Chapter of the Association for Computational Linguistics (EACL)},
 year = {2012},
 address = {Avignon, France},
 pages = {73--76},
}

@inproceedings{nerd2,
year = {2014},
title = {{B}enchmarking the {E}xtraction and {D}isambiguation of {N}amed {E}ntities on the {S}emantic {W}eb},
author = {{R}izzo, {G}iuseppe and van {E}rp, {M}arieke and {T}roncy, {R}apha{\"e}l},
booktitle = {9$^{th}$ {I}nternational {C}onference on {L}anguage {R}esources and {E}valuation (LREC)},
address = {{R}eykjavik, {Iceland}},
}

@inproceedings{nerd3,
  year =        {2013},
  title =       {{L}earning with the {W}eb: {S}potting named entities on the intersection of {NERD} and machine learning},
  author =      {van {E}rp, {M}arieke and  {R}izzo, {G}iuseppe and  {T}roncy, {R}apha{\"e}l},
  booktitle =   {3$^{rd}$ {I}nternational {W}orkshop on {M}aking {S}ense of {M}icroposts (\#{MSM}), {C}oncept {E}xtraction {C}hallenge},
  address =     {{R}io de {J}aneiro, {Brazil}},
}

@inproceedings{nerd4,
  year =        {2014},
  title =       {{I}nductive {E}ntity {T}yping {A}lignment},
  author =      {{R}izzo, {G}iuseppe and  van {E}rp, {M}arieke and {T}roncy, {R}apha{\"e}l },
  booktitle =   {1$^{st}$ {I}nternational {W}orkshop on {L}inked {D}ata for {I}nformation {E}xtraction ({LD}4{IE})},
  address =     {{R}iva del {G}arda, {I}taly},
}

@inproceedings{fox1,
author="Speck, Ren{\'e} and Ngonga Ngomo, Axel-Cyrille",
title="Ensemble Learning for Named Entity Recognition",
bookTitle="13$^{th}$ International Semantic Web Conference (ISWC)",
year="2014",
pages="519--534",
address="Riva del Garda, Italy"
}

@inproceedings{fox2,
 author = {Speck, Ren{\'e} and Ngomo, Axel-Cyrille Ngonga},
 title = {Ensemble Learning of Named Entity Recognition Algorithms Using Multilayer Perceptron for the Multilingual Web of Data},
 booktitle = {9$^{th}$ International Conference on Knowledge Capture (K-CAP)},
 year = {2017},
 address = {Austin, TX, USA},
} 

@inproceedings{Finkel:2005:INI:1219840.1219885,
 author = {Finkel, Jenny Rose and Grenager, Trond and Manning, Christopher},
 title = {Incorporating Non-local Information into Information Extraction Systems by Gibbs Sampling},
 booktitle = {43$^{rd}$ Annual Meeting on Association for Computational Linguistics (ACL)},
 year = {2005},
 address = {Ann Arbor, Michigan, USA},
 pages = {363--370},
 numpages = {8},
} 


@inproceedings{Ratinov:2009:DCM:1596374.1596399,
 author = {Ratinov, Lev and Roth, Dan},
 title = {Design Challenges and Misconceptions in Named Entity Recognition},
 booktitle = {13$^{th}$ Conference on Computational Natural Language Learning (CoNLL)},
 month = {June},
 year = {2009},
 address = {Boulder, Colorado, USA},
 pages = {147--155},
}

@article{fasttext,
  title={Enriching Word Vectors with Subword Information},
  author={Bojanowski, Piotr and Grave, Edouard and Joulin, Armand and Mikolov, Tomas},
  journal={arXiv preprint arXiv:1607.04606},
  year={2016}
}

@inproceedings{CollaborativeKnowledgeBaseEmbeddingforRecommenderSystems,
 author = {Zhang, Fuzheng and Yuan, Nicholas Jing and Lian, Defu and Xie, Xing and Ma, Wei-Ying},
 title = {{Collaborative Knowledge Base Embedding for Recommender Systems}},
 booktitle = {22$^{nd}$ ACM SIGKDD International Conference on Knowledge Discovery and Data Mining (KDD)},
 year = {2016},
 address = {San Francisco, California, USA},
 pages = {353--362},
} 


@inproceedings{M98-1024,
  author = 	"Chinchor, N.",
  title = 	"Appendix B: MUC-7 Test Scores Introduction",
  booktitle = 	"Seventh Message Understanding Conference (MUC-7)",
  address = "Fairfax, Virginia, USA",
  year = 	"1998",
}

@article{sebastiani2002mltext,
 author = {Sebastiani, Fabrizio},
 title = {Machine Learning in Automated Text Categorization},
 journal = {ACM Comput. Surv.},
 volume = {34},
 number = {1},
 year = {2002},
 pages = {1--47},
} 
